
@book{figueiredo1996analise,
  title={An{\'a}lise {I}, 2Âª edi{\c{c}}ao},
  author={de Figueiredo, Djairo Guedes},
  publisher={Editora LTC},
address={Rio de Janeiro},
  year={1996}
}



@book{kesavan2015topics,
  title={Topics in Functional Analysis and Applications},
  author={Kesavan, S.},
  year={2015},
  publisher={New Age International Publishers},
  address={New Delhi}
}

@book{gomes1985semigrupos,
  title={Semigrupos de operadores lineares e aplica{\c{c}}{\~o}es {\`a}s equa{\c{c}}{\~o}es de evolu{\c{c}}{\~a}o},
  author={Gomes, Alvercio Moreira},
  publisher={UFRJ/IM},
  year={2012},
address={Rio de Janeiro, RJ}
}

@book{pombo1999introduccao,
  title={Introdu{\c{c}}{\~a}o {\`a} an{\'a}lise funcional},
  author={Pombo Jr, Dinam{\'e}rico Pereira},
  year={1999},
  publisher={EDUFF}
}

@book{rirsch1974differential,
  title={Differential equations, dynamical systems, and linear algebra},
  author={Rirsch, Morris W and Smale, Stephen},
  year={1974},
  publisher={ACADEMIC PRESS. INC.}
}